% This file was created with JabRef 2.6.
% Encoding: UTF-8

@comment{jabref-entrytype: Bachelorsthesis: req[author;title;school;year] opt[type;address;month;note]}

@comment{jabref-entrytype: Diplomathesis: req[author;title;school;year] opt[type;address;month;note]}

@comment{jabref-entrytype: Webpage: req[title;url] opt[author;editor;note;year;month;lastchecked]}

@inproceedings{exampleentry,
author = {Max Mustermann and John Doe and Mario Rossi and Jean Dupont},
title = {{An Example Title with Double Braces that is Useful for Weird Capitalization and IEEE Acronyms}},
booktitle = {Proceedings of the 7th International Symposium on WeIrd SHit (ISoWISH), Aachen, Germany},
year = 2012,
month = apr,
location = {},
}

@INBOOK{brooks2001-silver,
	TITLE="The Mythical Man-Month",
	CHAPTER="No Silver Bullet - Essence and Accident in Software Engineering",
	AUTHOR="F. P. Brooks",
	PAGES="177--203",
	YEAR=2001,
	PUBLISHER="Addison Wesley Longman Inc.",
	ADDRESS="New York",
	EDITION="15., Aufl."
}

@BOOK{mueller2000,
	AUTHOR="J.-A. Müller",
	TITLE="Systems Engineering",
	PUBLISHER="Manz-Verlag Schulbuch (Fortis)",
	YEAR=2000,
	ADDRESS="Wien"
}

@TECHREPORT{pasche1992,
	AUTHOR="M. Pasche",
	TITLE="Synergetik und Evolutorische Ökonomik",
	INSTITUTION="Universität Hannover Fachbereich Wirtschaftswissenschaften",
	TYPE="Diskussionspapier",
	NUMBER=179,
	MONTH=dec,
	YEAR=1992
}


