% write down the reference here

@book{van2011process,
title={Process mining: discovery, conformance and enhancement of business processes},
author={Van Der Aalst, Wil},
volume={2},
year={2011},
publisher={Springer}
}
@article{ghasemi2016process,
	title={Process mining in healthcare: a systematised literature review},
	author={Ghasemi, Mahdi and Amyot, Daniel},
	year={2016}
}


@article{fahland2015model,
	title={Model repairâ€”aligning process models to reality},
	author={Fahland, Dirk and van der Aalst, Wil MP},
	journal={Information Systems},
	volume={47},
	pages={220--243},
	year={2015},
	publisher={Elsevier}
}
@inproceedings{dees2017enhancing,
	title={Enhancing process models to improve business performance: a methodology and case studies},
	author={Dees, Marcus and de Leoni, Massimiliano and Mannhardt, Felix},
	booktitle={OTM Confederated International Conferences" On the Move to Meaningful Internet Systems"},
	pages={232--251},
	year={2017},
	organization={Springer}
}

@inproceedings{leemans2013discovering,
	title={Discovering block-structured process models from event logs-a constructive approach},
	author={Leemans, Sander JJ and Fahland, Dirk and van der Aalst, Wil MP},
	booktitle={International conference on applications and theory of Petri nets and concurrency},
	pages={311--329},
	year={2013},
	organization={Springer}
}
@inproceedings{leemans2014discovering,
	title={Discovering block-structured process models from incomplete event logs},
	author={Leemans, Sander JJ and Fahland, Dirk and van der Aalst, Wil MP},
	booktitle={International Conference on Applications and Theory of Petri Nets and Concurrency},
	pages={91--110},
	year={2014},
	organization={Springer}
}

