@article{van2013decomposing,
  title={Decomposing Petri nets for process mining: A generic approach},
  author={van der Aalst, W.M.P.},
  journal={Distributed and Parallel Databases},
  volume={31},
  number={4},
  pages={471--507},
  year={2013},
  publisher={Springer}
}
@inproceedings{van2013process,
  title={Process mining in the large: a tutorial},
  author={van der Aalst, W.M.P.},
  booktitle={European Business Intelligence Summer School},
  pages={33--76},
  year={2013},
  organization={Springer}
}
@article{van2004workflow,
  title={Workflow mining: Discovering process models from event logs},
  author={van der Aalst, Wil and Weijters, Ton and Maruster, Laura},
  journal={IEEE Transactions on Knowledge \& Data Engineering},
  number={9},
  pages={1128--1142},
  year={2004},
  publisher={IEEE}
}
@book{van2016process,
  title={Process mining: data science in action},
  author={van der Aalst, W.M.P.},
  year={2016},
  publisher={Springer}
}
@inproceedings{song2008trace,
  title={Trace clustering in process mining},
  author={Song, Minseok and G{\"u}nther, Christian W and van der Aalst, W.M.P.},
  booktitle={International Conference on Business Process Management},
  pages={109--120},
  year={2008},
  organization={Springer}
}
@inproceedings{van2013cubes,
  title={Process cubes: Slicing, dicing, rolling up and drilling down event data for process mining},
  author={van der Aalst, W.M.P.},
  booktitle={Asia-Pacific Conference on Business Process Management},
  pages={1--22},
  year={2013},
  organization={Springer}
}
@article{mannhardt2016balanced,
  title={Balanced multi-perspective checking of process conformance},
  author={Mannhardt, Felix and De Leoni, Massimiliano and Reijers, Hajo A and van der Aalst, W.M.P.},
  journal={Computing},
  volume={98},
  number={4},
  pages={407--437},
  year={2016},
  publisher={Springer}
}
@inproceedings{verbeek2014decomposed,
  title={Decomposed Process Mining with DivideAndConquer},
  author={Verbeek, Eric},
  booktitle={BPM (Demos)},
  pages={86},
  year={2014}
}
@article{verbeek2017divide,
author = {Verbeek, H.M.W. and van der Aalst, W.M.P. and Munoz-Gama, J},
title = {Divide and Conquer: A Tool Framework for Supporting Decomposed Discovery in Process Mining},
journal = {The Computer Journal},
volume = {60},
number = {11},
pages = {1649-1674},
year = {2017},
doi = {10.1093/comjnl/bxx040},
URL = {http://dx.doi.org/10.1093/comjnl/bxx040},
eprint = {/oup/backfile/content_public/journal/comjnl/60/11/10.1093_comjnl_bxx040/3/bxx040.pdf}
}
@article{lee2018recomposing,
  title={Recomposing conformance: Closing the circle on decomposed alignment-based conformance checking in process mining},
  author={Lee, Wai Lam Jonathan and Verbeek, H.M.W. and Munoz-Gama, Jorge and van der Aalst, W.M.P. and Sep{\'u}lveda, Marcos},
  journal={Information Sciences},
  volume={466},
  pages={55--91},
  year={2018},
  publisher={Elsevier}
}
@article{taxlocalprocessmodeldiscovery,
  title={LocalProcessModelDiscovery: Bringing Petri Nets to the Pattern Mining World},
  author={Tax, Niek and Sidorova, Natalia and van der Aalst, W.M.P. and Haakma, Reinder}
}
@incollection{van2018discovering,
  title={Discovering the “Glue” Connecting Activities},
  author={van der Aalst, W.M.P.},
  booktitle={It's All About Coordination},
  pages={1--20},
  year={2018},
  publisher={Springer}
}
@article{bose2014dealing,
  title={Dealing with concept drifts in process mining},
  author={Bose, RP Jagadeesh Chandra and van der Aalst, W.M.P. and Zliobaite, Indre and Pechenizkiy, Mykola},
  journal={IEEE transactions on neural networks and learning systems},
  volume={25},
  number={1},
  pages={154--171},
  year={2014},
  publisher={IEEE}
}
@inproceedings{carmona2012online,
  title={Online techniques for dealing with concept drift in process mining},
  author={Carmona, Josep and Gavalda, Ricard},
  booktitle={International Symposium on Intelligent Data Analysis},
  pages={90--102},
  year={2012},
  organization={Springer}
}
@inproceedings{bose2011handling,
  title={Handling concept drift in process mining},
  author={Bose, RP Jagadeesh Chandra and van der Aalst, W.M.P. and {\v{Z}}liobait{\.e}, Indr{\.e} and Pechenizkiy, Mykola},
  booktitle={International Conference on Advanced Information Systems Engineering},
  pages={391--405},
  year={2011},
  organization={Springer}
}
@article{van2012replaying,
  title={Replaying history on process models for conformance checking and performance analysis},
  author={van der Aalst, W.M.P. and Adriansyah, Arya and van Dongen, Boudewijn},
  journal={Wiley Interdisciplinary Reviews: Data Mining and Knowledge Discovery},
  volume={2},
  number={2},
  pages={182--192},
  year={2012},
  publisher={Wiley Online Library}
}
@article{de2016general,
  title={A general process mining framework for correlating, predicting and clustering dynamic behavior based on event logs},
  author={De Leoni, Massimiliano and van der Aalst, W.M.P. and Dees, Marcus},
  journal={Information Systems},
  volume={56},
  pages={235--257},
  year={2016},
  publisher={Elsevier}
}
@article{mannhardt2015multi,
  title={The Multi-perspective Process Explorer},
  author={Mannhardt, Felix and De Leoni, Massimiliano and Reijers, Hajo A},
  journal={BPM (Demos)},
  volume={1418},
  pages={130--134},
  year={2015}
}
@inproceedings{baier2015matching,
  title={Matching of events and activities-an approach using declarative modeling constraints},
  author={Baier, Thomas and Di Ciccio, Claudio and Mendling, Jan and Weske, Mathias},
  booktitle={International Conference on Enterprise, Business-Process and Information Systems Modeling},
  pages={119--134},
  year={2015},
  organization={Springer}
}
@incollection{van2011process,
  title={Process discovery: An introduction},
  author={van der Aalst, W.M.P.},
  booktitle={Process Mining},
  pages={125--156},
  year={2011},
  publisher={Springer}
}
@inproceedings{de2013data,
  title={Data-aware process mining: discovering decisions in processes using alignments},
  author={De Leoni, Massimiliano and van der Aalst, W.M.P.},
  booktitle={Proceedings of the 28th annual ACM symposium on applied computing},
  pages={1454--1461},
  year={2013},
  organization={ACM}
}
@inproceedings{leemans2013discovering,
  title={Discovering block-structured process models from event logs containing infrequent behaviour},
  author={Leemans, Sander J.J. and Fahland, Dirk and van der Aalst, W.M.P.},
  booktitle={International conference on business process management},
  pages={66--78},
  year={2013},
  organization={Springer}
}
@inproceedings{carmona2008region,
  title={A region-based algorithm for discovering Petri nets from event logs},
  author={Carmona, Josep and Cortadella, Jordi and Kishinevsky, Michael},
  booktitle={International Conference on Business Process Management},
  pages={358--373},
  year={2008},
  organization={Springer}
}
@inproceedings{hompes2015detecting,
  title={Detecting changes in process behavior using comparative case clustering},
  author={Hompes, B.F.A. and Buijs, Joos C.A.M. and van der Aalst, W.M.P. and Dixit, P.M. and Buurman, Johannes},
  booktitle={International Symposium on Data-Driven Process Discovery and Analysis},
  pages={54--75},
  year={2015},
  organization={Springer}
}
@inproceedings{tax2016heuristic,
  title={Heuristic approaches for generating local process models through log projections},
  author={Tax, Niek and Sidorova, Natalia and van der Aalst, W.M.P. and Haakma, Reinder},
  booktitle={Computational Intelligence (SSCI), 2016 IEEE Symposium Series on},
  pages={1--8},
  year={2016},
  organization={IEEE}
}
@article{manoj15capturing,
  title={Capturing the Sudden Concept Drift in Process Mining},
  author={Manoj Kumar, M.V. and Thomas, Likewin and Annappa, B},
  journal={Algorithms \& Theories for the Analysis of Event Data (ATAED'15, Brussels, Belgium, June 22-23, 2015)},
  pages={132},
  year={2015}
}
@article{adriansyah2015measuring,
  title={Measuring precision of modeled behavior},
  author={Adriansyah, Arya and Munoz-Gama, Jorge and Carmona, Josep and van Dongen, Boudewijn F and van der Aalst, Wil MP},
  journal={Information systems and e-Business Management},
  volume={13},
  number={1},
  pages={37--67},
  year={2015},
  publisher={Springer}
}
@book{munoz2016conformance,
  title={Conformance checking and diagnosis in process mining},
  author={Munoz-Gama, Jorge and others},
  year={2016},
  publisher={Springer}
}
@article{rozinat2008conformance,
  title={Conformance checking of processes based on monitoring real behavior},
  author={Rozinat, Anne and van der Aalst, W.M.P.},
  journal={Information Systems},
  volume={33},
  number={1},
  pages={64--95},
  year={2008},
  publisher={Elsevier}
}
@misc{bpi2012log,
  doi = {10.4121/uuid:3926db30-f712-4394-aebc-75976070e91f},
  author = {Van Dongen, B.F.},
  keywords = {000 Computer science, knowledge & systems, Business Process Intelligence (BPI)},
  language = {en},
  title = {BPI Challenge 2012},
  publisher = {Eindhoven University of Technology},
  year = {2012}
}
@incollection{van2015extracting,
  title={Extracting event data from databases to unleash process mining},
  author={van der Aalst, W.M.P.},
  booktitle={BPM-Driving innovation in a digital world},
  pages={105--128},
  year={2015},
  publisher={Springer}
}
@article{leemans2018scalable,
  title={Scalable process discovery and conformance checking},
  author={Leemans, Sander J.J. and Fahland, Dirk and van der Aalst, W.M.P.},
  journal={Software \& Systems Modeling},
  volume={17},
  number={2},
  pages={599--631},
  year={2018},
  publisher={Springer}
}
@misc{scalelogs,
  doi = {10.4121/uuid:745584e7-8cc0-45b8-8a89-93e9c9dfab05},
  author = {Leemans, S.J.J. (Sander)},
  keywords = {Activities, Artificial event logs, Computer science, Knowledge and systems, Process mining},
  language = {en},
  title = {A collection of artificial event logs to test process discovery and conformance checking techniques},
  publisher = {Eindhoven University of Technology},
  year = {2017}
}
@inproceedings{buijs2012role,
  title={On the role of fitness, precision, generalization and simplicity in process discovery},
  author={Buijs, Joos C.A.M. and Van Dongen, Boudewijn F and van Der Aalst, W.M.P.},
  booktitle={OTM Confederated International Conferences" On the Move to Meaningful Internet Systems"},
  pages={305--322},
  year={2012},
  organization={Springer}
}
