% write down the reference here
% add more content to try git hash-object
@book{van2011process,
title={Process mining: discovery, conformance and enhancement of business processes},
author={Van Der Aalst, Wil},
volume={2},
year={2011},
publisher={Springer}
}

@article{ghasemi2016process,
	title={Process mining in healthcare: a systematised literature review},
	author={Ghasemi, Mahdi and Amyot, Daniel},
	year={2016}
}

@inproceedings{fahland2012repairing,
	title={Repairing process models to reflect reality},
	author={Fahland, Dirk and van der Aalst, Wil MP},
	booktitle={International Conference on Business Process Management},
	pages={229--245},
	year={2012},
	organization={Springer}
}

@article{fahland2015model,
	title={Model repairâ€”aligning process models to reality},
	author={Fahland, Dirk and van der Aalst, Wil MP},
	journal={Information Systems},
	volume={47},
	pages={220--243},
	year={2015},
	publisher={Elsevier}
}

@inproceedings{dixit2015enhancing,
	title={Enhancing Process Mining Results using Domain Knowledge.},
	author={Dixit, Prabhakar and Buijs, Joos CAM and van der Aalst, Wil MP and Hompes, Bart and Buurman, Hans},
	booktitle={SIMPDA},
	pages={79--94},
	year={2015}
}

@inproceedings{dees2017enhancing,
	title={Enhancing process models to improve business performance: a methodology and case studies},
	author={Dees, Marcus and de Leoni, Massimiliano and Mannhardt, Felix},
	booktitle={OTM Confederated International Conferences" On the Move to Meaningful Internet Systems"},
	pages={232--251},
	year={2017},
	organization={Springer}
}

@article{goedertier2009robust,
	title={Robust process discovery with artificial negative events},
	author={Goedertier, Stijn and Martens, David and Vanthienen, Jan and Baesens, Bart},
	journal={Journal of Machine Learning Research},
	volume={10},
	number={Jun},
	pages={1305--1340},
	year={2009}
}

@article{vanden2014determining,
	title={Determining process model precision and generalization with weighted artificial negative events},
	author={vanden Broucke, Seppe KLM and De Weerdt, Jochen and Vanthienen, Jan and Baesens, Bart},
	journal={IEEE Transactions on Knowledge and Data Engineering},
	volume={26},
	number={8},
	pages={1877--1889},
	year={2014},
	publisher={IEEE}
}

@inproceedings{ponce2016incorporating,
	title={Incorporating negative information in process discovery},
	author={Ponce-de-Le{\'o}n, Hernan and Carmona, Josep and vanden Broucke, Seppe KLM},
	booktitle={International Conference on Business Process Management},
	pages={126--143},
	year={2016},
	organization={Springer}
}

@inproceedings{leemans2013discovering,
	title={Discovering block-structured process models from event logs-a constructive approach},
	author={Leemans, Sander JJ and Fahland, Dirk and van der Aalst, Wil MP},
	booktitle={International conference on applications and theory of Petri nets and concurrency},
	pages={311--329},
	year={2013},
	organization={Springer}
}
@inproceedings{leemans2014discovering,
	title={Discovering block-structured process models from incomplete event logs},
	author={Leemans, Sander JJ and Fahland, Dirk and van der Aalst, Wil MP},
	booktitle={International Conference on Applications and Theory of Petri Nets and Concurrency},
	pages={91--110},
	year={2014},
	organization={Springer}
}
@article{carmona2014process,
	title={Process discovery algorithms using numerical abstract domains},
	author={Carmona, Josep and Cortadella, Jordi},
	journal={IEEE Transactions on Knowledge and Data Engineering},
	volume={26},
	number={12},
	pages={3064--3076},
	year={2014},
	publisher={IEEE}
}

@article{van2004workflow,
	title={Workflow mining: Discovering process models from event logs},
	author={Van der Aalst, Wil and Weijters, Ton and Maruster, Laura},
	journal={IEEE Transactions on Knowledge and Data Engineering},
	volume={16},
	number={9},
	pages={1128--1142},
	year={2004},
	publisher={IEEE}
}

@inproceedings{van2008process,
	title={Process discovery using integer linear programming},
	author={Van der Werf, Jan Martijn EM and van Dongen, Boudewijn F and Hurkens, Cor AJ and Serebrenik, Alexander},
	booktitle={International conference on applications and theory of petri nets},
	pages={368--387},
	year={2008},
	organization={Springer}
}
